@article{shimizu2006linear,
  title={A linear non-Gaussian acyclic model for causal discovery.},
  author={Shimizu, Shohei and Hoyer, Patrik O and Hyv{\"a}rinen, Aapo and Kerminen, Antti and Jordan, Michael},
  journal={Journal of Machine Learning Research},
  volume={7},
  number={10},
  year={2006}
}

@article{tashiro2014parcelingam,
  title={ParceLiNGAM: a causal ordering method robust against latent confounders},
  author={Tashiro, Tatsuya and Shimizu, Shohei and Hyv{\"a}rinen, Aapo and Washio, Takashi},
  journal={Neural computation},
  volume={26},
  number={1},
  pages={57--83},
  year={2014},
  publisher={MIT Press One Rogers Street, Cambridge, MA 02142-1209, USA journals-info~â€¦}
}

@article{shimizu2011directlingam,
  title={DirectLiNGAM: A direct method for learning a linear non-Gaussian structural equation model},
  author={Shimizu, Shohei and Inazumi, Takanori and Sogawa, Yasuhiro and Hyv{\"a}rinen, Aapo and Kawahara, Yoshinobu and Washio, Takashi and Hoyer, Patrik O and Bollen, Kenneth},
  journal={The Journal of Machine Learning Research},
  volume={12},
  pages={1225--1248},
  year={2011},
  publisher={JMLR. org}
}


@article{hoyer2008estimation,
  title={Estimation of causal effects using linear non-Gaussian causal models with hidden variables},
  author={Hoyer, Patrik O and Shimizu, Shohei and Kerminen, Antti J and Palviainen, Markus},
  journal={International Journal of Approximate Reasoning},
  volume={49},
  number={2},
  pages={362--378},
  year={2008},
  publisher={Elsevier}
}

@inproceedings{entner2010discovering,
  title={Discovering unconfounded causal relationships using linear non-gaussian models},
  author={Entner, Doris and Hoyer, Patrik O},
  booktitle={JSAI International Symposium on Artificial Intelligence},
  pages={181--195},
  year={2010},
  organization={Springer}
}

@article{shimizu2014bayesian,
  title={Bayesian estimation of causal direction in acyclic structural equation models with individual-specific confounder variables and non-Gaussian distributions.},
  author={Shimizu, Shohei and Bollen, Kenneth},
  journal={J. Mach. Learn. Res.},
  volume={15},
  number={1},
  pages={2629--2652},
  year={2014}
}
